@Article{retime,
	title = "\textbf{Retiming Synchronous Circuitry}",
	author = "Charles E. Leiserson and James B. Saxe",
	journal = "Algorithmica",
	pages = "5-35",
	volume = "Vol.6",
	year = "1991"
}

@Book{dm,
     title = "\textbf{Synthesis and Optimization of Digital Circuits}",
     author = "Giovanni De Micheli",
     publisher = "ed. McGraw-Hill",
     year = "2003"
}

@Article{simplex,
	title = "\textbf{The Simplex Method}",
	author = "Stefan Waner",
	journal = "http://www.zweigmedia.com/RealWorld/tutorialsf4/framesSimplex.html",
	year = "Updated apr-12"
}

@Book{algo,
     title = "\textbf{Introduction to Algorithms}",
     author = "Thomas H. Cormen Charles E. Leiserson Ronald L. Rivest and Clifford Stein",
     publisher = "The MIT Press",
     year = "2009",
     edition = "3rd"
}
